%YAML 1.1
%TAG !u! tag:unity3d.com,2011:
--- !u!1001 &4278298098741355266
PrefabInstance:
  m_ObjectHideFlags: 0
  serializedVersion: 2
  m_Modification:
    serializedVersion: 3
    m_TransformParent: {fileID: 0}
    m_Modifications:
    - target: {fileID: 723660776340406687, guid: 76299fa377b460c4ba8377ff34193260, type: 3}
      propertyPath: _graphicalObject
      value: 
      objectReference: {fileID: 0}
    - target: {fileID: 723660776340406687, guid: 76299fa377b460c4ba8377ff34193260, type: 3}
      propertyPath: _adaptiveInterpolation
      value: 1
      objectReference: {fileID: 0}
    - target: {fileID: 723660776340406687, guid: 76299fa377b460c4ba8377ff34193260, type: 3}
      propertyPath: <AssetPathHash>k__BackingField
      value: 2578946394605346538
      objectReference: {fileID: 0}
    - target: {fileID: 804360947388185950, guid: 76299fa377b460c4ba8377ff34193260, type: 3}
      propertyPath: m_Enabled
      value: 1
      objectReference: {fileID: 0}
    - target: {fileID: 1049132232211506262, guid: 76299fa377b460c4ba8377ff34193260, type: 3}
      propertyPath: m_Enabled
      value: 0
      objectReference: {fileID: 0}
    - target: {fileID: 1061988314858748530, guid: 76299fa377b460c4ba8377ff34193260, type: 3}
      propertyPath: m_RootOrder
      value: 0
      objectReference: {fileID: 0}
    - target: {fileID: 1061988314858748530, guid: 76299fa377b460c4ba8377ff34193260, type: 3}
      propertyPath: m_LocalPosition.x
      value: 0
      objectReference: {fileID: 0}
    - target: {fileID: 1061988314858748530, guid: 76299fa377b460c4ba8377ff34193260, type: 3}
      propertyPath: m_LocalPosition.y
      value: 0
      objectReference: {fileID: 0}
    - target: {fileID: 1061988314858748530, guid: 76299fa377b460c4ba8377ff34193260, type: 3}
      propertyPath: m_LocalPosition.z
      value: 0
      objectReference: {fileID: 0}
    - target: {fileID: 1061988314858748530, guid: 76299fa377b460c4ba8377ff34193260, type: 3}
      propertyPath: m_LocalRotation.w
      value: 1
      objectReference: {fileID: 0}
    - target: {fileID: 1061988314858748530, guid: 76299fa377b460c4ba8377ff34193260, type: 3}
      propertyPath: m_LocalRotation.x
      value: 0
      objectReference: {fileID: 0}
    - target: {fileID: 1061988314858748530, guid: 76299fa377b460c4ba8377ff34193260, type: 3}
      propertyPath: m_LocalRotation.y
      value: 0
      objectReference: {fileID: 0}
    - target: {fileID: 1061988314858748530, guid: 76299fa377b460c4ba8377ff34193260, type: 3}
      propertyPath: m_LocalRotation.z
      value: 0
      objectReference: {fileID: 0}
    - target: {fileID: 1061988314858748530, guid: 76299fa377b460c4ba8377ff34193260, type: 3}
      propertyPath: m_LocalEulerAnglesHint.x
      value: 0
      objectReference: {fileID: 0}
    - target: {fileID: 1061988314858748530, guid: 76299fa377b460c4ba8377ff34193260, type: 3}
      propertyPath: m_LocalEulerAnglesHint.y
      value: 0
      objectReference: {fileID: 0}
    - target: {fileID: 1061988314858748530, guid: 76299fa377b460c4ba8377ff34193260, type: 3}
      propertyPath: m_LocalEulerAnglesHint.z
      value: 0
      objectReference: {fileID: 0}
    - target: {fileID: 1061988314858748535, guid: 76299fa377b460c4ba8377ff34193260, type: 3}
      propertyPath: m_Name
      value: BananaIceLeftMulti Variant
      objectReference: {fileID: 0}
    m_RemovedComponents:
    - {fileID: 6640797677363533603, guid: 76299fa377b460c4ba8377ff34193260, type: 3}
    m_RemovedGameObjects: []
    m_AddedGameObjects: []
    m_AddedComponents:
    - targetCorrespondingSourceObject: {fileID: 1061988314858748535, guid: 76299fa377b460c4ba8377ff34193260, type: 3}
      insertIndex: -1
      addedObject: {fileID: 131085619035278315}
    - targetCorrespondingSourceObject: {fileID: 1061988314858748535, guid: 76299fa377b460c4ba8377ff34193260, type: 3}
      insertIndex: -1
      addedObject: {fileID: 956262956263497168}
    - targetCorrespondingSourceObject: {fileID: 1061988314858748535, guid: 76299fa377b460c4ba8377ff34193260, type: 3}
      insertIndex: -1
      addedObject: {fileID: 7022077165225892416}
  m_SourcePrefab: {fileID: 100100000, guid: 76299fa377b460c4ba8377ff34193260, type: 3}
--- !u!50 &2990286614373022526 stripped
Rigidbody2D:
  m_CorrespondingSourceObject: {fileID: 1306097360807008316, guid: 76299fa377b460c4ba8377ff34193260, type: 3}
  m_PrefabInstance: {fileID: 4278298098741355266}
  m_PrefabAsset: {fileID: 0}
--- !u!1 &3883054828035791221 stripped
GameObject:
  m_CorrespondingSourceObject: {fileID: 1061988314858748535, guid: 76299fa377b460c4ba8377ff34193260, type: 3}
  m_PrefabInstance: {fileID: 4278298098741355266}
  m_PrefabAsset: {fileID: 0}
--- !u!114 &131085619035278315
MonoBehaviour:
  m_ObjectHideFlags: 0
  m_CorrespondingSourceObject: {fileID: 0}
  m_PrefabInstance: {fileID: 0}
  m_PrefabAsset: {fileID: 0}
  m_GameObject: {fileID: 3883054828035791221}
  m_Enabled: 1
  m_EditorHideFlags: 0
  m_Script: {fileID: 11500000, guid: 9b39d7c6e66b1994bbc4d0ecbf3eb34b, type: 3}
  m_Name: 
  m_EditorClassIdentifier: 
  _componentIndexCache: 0
  _addedNetworkObject: {fileID: 7022077165225892416}
  _networkObjectCache: {fileID: 0}
--- !u!114 &956262956263497168
MonoBehaviour:
  m_ObjectHideFlags: 0
  m_CorrespondingSourceObject: {fileID: 0}
  m_PrefabInstance: {fileID: 0}
  m_PrefabAsset: {fileID: 0}
  m_GameObject: {fileID: 3883054828035791221}
  m_Enabled: 1
  m_EditorHideFlags: 0
  m_Script: {fileID: 11500000, guid: d77e92ff0c3c92a478bac49f5d450783, type: 3}
  m_Name: 
  m_EditorClassIdentifier: 
  _rigidbody2D: {fileID: 2990286614373022526}
  _particleIce: {fileID: 5069896739049840965}
--- !u!114 &7022077165225892416
MonoBehaviour:
  m_ObjectHideFlags: 0
  m_CorrespondingSourceObject: {fileID: 0}
  m_PrefabInstance: {fileID: 0}
  m_PrefabAsset: {fileID: 0}
  m_GameObject: {fileID: 3883054828035791221}
  m_Enabled: 1
  m_EditorHideFlags: 0
  m_Script: {fileID: 11500000, guid: 26b716c41e9b56b4baafaf13a523ba2e, type: 3}
  m_Name: 
  m_EditorClassIdentifier: 
  <IsNested>k__BackingField: 0
  <ComponentIndex>k__BackingField: 0
  <PredictedSpawn>k__BackingField: {fileID: 0}
  <PredictedOwner>k__BackingField: {fileID: 0}
  NetworkBehaviours: []
  InitializedParentNetworkBehaviour: {fileID: 0}
  InitializedNestedNetworkObjects: []
  RuntimeParentNetworkBehaviour: {fileID: 0}
  RuntimeChildNetworkBehaviours: []
  _isNetworked: 1
  _isSpawnable: 1
  _isGlobal: 0
  _initializeOrder: 0
  _preventDespawnOnDisconnect: 0
  _defaultDespawnType: 0
  _initializedValusSet: 0
  NetworkObserver: {fileID: 0}
  _enablePrediction: 1
  _predictionType: 2
  _graphicalObject: {fileID: 7223037607718916330}
  _detachGraphicalObject: 0
  _enableStateForwarding: 1
  _networkTransform: {fileID: 0}
  _ownerInterpolation: 1
  _ownerSmoothedProperties: 255
  _adaptiveInterpolation: 1
  _spectatorSmoothedProperties: 255
  _spectatorInterpolation: 2
  _enableTeleport: 0
  _teleportThreshold: 1
  <PrefabId>k__BackingField: 0
  <SpawnableCollectionId>k__BackingField: 0
  <AssetPathHash>k__BackingField: 2578946394605346538
  <SceneId>k__BackingField: 0
  SerializedTransformProperties:
    Position: {x: 0, y: 0, z: 0}
    Rotation: {x: 0, y: 0, z: 0, w: 0}
    LocalScale: {x: 0, y: 0, z: 0}
--- !u!198 &5069896739049840965 stripped
ParticleSystem:
  m_CorrespondingSourceObject: {fileID: 9008454128494379591, guid: 76299fa377b460c4ba8377ff34193260, type: 3}
  m_PrefabInstance: {fileID: 4278298098741355266}
  m_PrefabAsset: {fileID: 0}
--- !u!4 &7223037607718916330 stripped
Transform:
  m_CorrespondingSourceObject: {fileID: 6873323279783474152, guid: 76299fa377b460c4ba8377ff34193260, type: 3}
  m_PrefabInstance: {fileID: 4278298098741355266}
  m_PrefabAsset: {fileID: 0}
