%YAML 1.1
%TAG !u! tag:unity3d.com,2011:
--- !u!1 &4222748942511435177
GameObject:
  m_ObjectHideFlags: 0
  m_CorrespondingSourceObject: {fileID: 0}
  m_PrefabInstance: {fileID: 0}
  m_PrefabAsset: {fileID: 0}
  serializedVersion: 6
  m_Component:
  - component: {fileID: 4222748942511435176}
  - component: {fileID: 4222748942511435179}
  - component: {fileID: 1471251031}
  m_Layer: 5
  m_Name: Stamina
  m_TagString: Untagged
  m_Icon: {fileID: 0}
  m_NavMeshLayer: 0
  m_StaticEditorFlags: 0
  m_IsActive: 1
--- !u!224 &4222748942511435176
RectTransform:
  m_ObjectHideFlags: 0
  m_CorrespondingSourceObject: {fileID: 0}
  m_PrefabInstance: {fileID: 0}
  m_PrefabAsset: {fileID: 0}
  m_GameObject: {fileID: 4222748942511435177}
  m_LocalRotation: {x: 0, y: 0, z: 0.7071068, w: 0.7071068}
  m_LocalPosition: {x: 0, y: 0, z: 0}
  m_LocalScale: {x: 1, y: 1, z: 1}
  m_ConstrainProportionsScale: 0
  m_Children:
  - {fileID: 5213775406016300827}
  - {fileID: 5213775407502311738}
  - {fileID: 5213775406981729351}
  m_Father: {fileID: 0}
  m_LocalEulerAnglesHint: {x: 0, y: 0, z: 90}
  m_AnchorMin: {x: 0.5, y: 0.5}
  m_AnchorMax: {x: 0.5, y: 0.5}
  m_AnchoredPosition: {x: -387, y: -143}
  m_SizeDelta: {x: 320, y: 33.026}
  m_Pivot: {x: 0.5, y: 0.5}
--- !u!114 &4222748942511435179
MonoBehaviour:
  m_ObjectHideFlags: 0
  m_CorrespondingSourceObject: {fileID: 0}
  m_PrefabInstance: {fileID: 0}
  m_PrefabAsset: {fileID: 0}
  m_GameObject: {fileID: 4222748942511435177}
  m_Enabled: 1
  m_EditorHideFlags: 0
  m_Script: {fileID: 11500000, guid: 30649d3a9faa99c48a7b1166b86bf2a0, type: 3}
  m_Name: 
  m_EditorClassIdentifier: 
  m_Padding:
    m_Left: 0
    m_Right: 0
    m_Top: 0
    m_Bottom: 0
  m_ChildAlignment: 4
  m_Spacing: 4
  m_ChildForceExpandWidth: 1
  m_ChildForceExpandHeight: 0
  m_ChildControlWidth: 0
  m_ChildControlHeight: 0
  m_ChildScaleWidth: 0
  m_ChildScaleHeight: 0
  m_ReverseArrangement: 0
--- !u!114 &1471251031
MonoBehaviour:
  m_ObjectHideFlags: 0
  m_CorrespondingSourceObject: {fileID: 0}
  m_PrefabInstance: {fileID: 0}
  m_PrefabAsset: {fileID: 0}
  m_GameObject: {fileID: 4222748942511435177}
  m_Enabled: 1
  m_EditorHideFlags: 0
  m_Script: {fileID: 11500000, guid: 9fe2e606d00c01c4480763cca3d3e56a, type: 3}
  m_Name: 
  m_EditorClassIdentifier: 
  _staminaSlider: {fileID: 8268955062703908210, guid: 1de5734a6ccbaec46806ff777fce1778, type: 3}
  Slider_Height_Effect: 70
--- !u!1001 &4222748942383145576
PrefabInstance:
  m_ObjectHideFlags: 0
  serializedVersion: 2
  m_Modification:
    serializedVersion: 3
    m_TransformParent: {fileID: 4222748942511435176}
    m_Modifications:
    - target: {fileID: 8268955062533675778, guid: 1de5734a6ccbaec46806ff777fce1778, type: 3}
      propertyPath: m_SizeDelta.x
      value: -0.000030518
      objectReference: {fileID: 0}
    - target: {fileID: 8268955062533675778, guid: 1de5734a6ccbaec46806ff777fce1778, type: 3}
      propertyPath: m_AnchoredPosition.x
      value: 0
      objectReference: {fileID: 0}
    - target: {fileID: 8268955062703908210, guid: 1de5734a6ccbaec46806ff777fce1778, type: 3}
      propertyPath: m_Name
      value: Stamina
      objectReference: {fileID: 0}
    - target: {fileID: 8268955062703908211, guid: 1de5734a6ccbaec46806ff777fce1778, type: 3}
      propertyPath: m_Pivot.x
      value: 0.5
      objectReference: {fileID: 0}
    - target: {fileID: 8268955062703908211, guid: 1de5734a6ccbaec46806ff777fce1778, type: 3}
      propertyPath: m_Pivot.y
      value: 0.5
      objectReference: {fileID: 0}
    - target: {fileID: 8268955062703908211, guid: 1de5734a6ccbaec46806ff777fce1778, type: 3}
      propertyPath: m_RootOrder
      value: 0
      objectReference: {fileID: 0}
    - target: {fileID: 8268955062703908211, guid: 1de5734a6ccbaec46806ff777fce1778, type: 3}
      propertyPath: m_AnchorMax.x
      value: 0
      objectReference: {fileID: 0}
    - target: {fileID: 8268955062703908211, guid: 1de5734a6ccbaec46806ff777fce1778, type: 3}
      propertyPath: m_AnchorMax.y
      value: 0
      objectReference: {fileID: 0}
    - target: {fileID: 8268955062703908211, guid: 1de5734a6ccbaec46806ff777fce1778, type: 3}
      propertyPath: m_AnchorMin.x
      value: 0
      objectReference: {fileID: 0}
    - target: {fileID: 8268955062703908211, guid: 1de5734a6ccbaec46806ff777fce1778, type: 3}
      propertyPath: m_AnchorMin.y
      value: 0
      objectReference: {fileID: 0}
    - target: {fileID: 8268955062703908211, guid: 1de5734a6ccbaec46806ff777fce1778, type: 3}
      propertyPath: m_SizeDelta.x
      value: 177.5533
      objectReference: {fileID: 0}
    - target: {fileID: 8268955062703908211, guid: 1de5734a6ccbaec46806ff777fce1778, type: 3}
      propertyPath: m_SizeDelta.y
      value: 30
      objectReference: {fileID: 0}
    - target: {fileID: 8268955062703908211, guid: 1de5734a6ccbaec46806ff777fce1778, type: 3}
      propertyPath: m_LocalScale.x
      value: 1
      objectReference: {fileID: 0}
    - target: {fileID: 8268955062703908211, guid: 1de5734a6ccbaec46806ff777fce1778, type: 3}
      propertyPath: m_LocalScale.y
      value: 1
      objectReference: {fileID: 0}
    - target: {fileID: 8268955062703908211, guid: 1de5734a6ccbaec46806ff777fce1778, type: 3}
      propertyPath: m_LocalPosition.x
      value: 0
      objectReference: {fileID: 0}
    - target: {fileID: 8268955062703908211, guid: 1de5734a6ccbaec46806ff777fce1778, type: 3}
      propertyPath: m_LocalPosition.y
      value: 0
      objectReference: {fileID: 0}
    - target: {fileID: 8268955062703908211, guid: 1de5734a6ccbaec46806ff777fce1778, type: 3}
      propertyPath: m_LocalPosition.z
      value: 0
      objectReference: {fileID: 0}
    - target: {fileID: 8268955062703908211, guid: 1de5734a6ccbaec46806ff777fce1778, type: 3}
      propertyPath: m_LocalRotation.w
      value: 1
      objectReference: {fileID: 0}
    - target: {fileID: 8268955062703908211, guid: 1de5734a6ccbaec46806ff777fce1778, type: 3}
      propertyPath: m_LocalRotation.x
      value: 0
      objectReference: {fileID: 0}
    - target: {fileID: 8268955062703908211, guid: 1de5734a6ccbaec46806ff777fce1778, type: 3}
      propertyPath: m_LocalRotation.y
      value: 0
      objectReference: {fileID: 0}
    - target: {fileID: 8268955062703908211, guid: 1de5734a6ccbaec46806ff777fce1778, type: 3}
      propertyPath: m_LocalRotation.z
      value: 0
      objectReference: {fileID: 0}
    - target: {fileID: 8268955062703908211, guid: 1de5734a6ccbaec46806ff777fce1778, type: 3}
      propertyPath: m_AnchoredPosition.x
      value: 0
      objectReference: {fileID: 0}
    - target: {fileID: 8268955062703908211, guid: 1de5734a6ccbaec46806ff777fce1778, type: 3}
      propertyPath: m_AnchoredPosition.y
      value: 0
      objectReference: {fileID: 0}
    - target: {fileID: 8268955062703908211, guid: 1de5734a6ccbaec46806ff777fce1778, type: 3}
      propertyPath: m_LocalEulerAnglesHint.x
      value: 0
      objectReference: {fileID: 0}
    - target: {fileID: 8268955062703908211, guid: 1de5734a6ccbaec46806ff777fce1778, type: 3}
      propertyPath: m_LocalEulerAnglesHint.y
      value: 0
      objectReference: {fileID: 0}
    - target: {fileID: 8268955062703908211, guid: 1de5734a6ccbaec46806ff777fce1778, type: 3}
      propertyPath: m_LocalEulerAnglesHint.z
      value: 0
      objectReference: {fileID: 0}
    - target: {fileID: 8268955062703908212, guid: 1de5734a6ccbaec46806ff777fce1778, type: 3}
      propertyPath: m_Value
      value: 40
      objectReference: {fileID: 0}
    - target: {fileID: 8268955062703908212, guid: 1de5734a6ccbaec46806ff777fce1778, type: 3}
      propertyPath: m_MaxValue
      value: 40
      objectReference: {fileID: 0}
    - target: {fileID: 8268955062722197333, guid: 1de5734a6ccbaec46806ff777fce1778, type: 3}
      propertyPath: m_SizeDelta.x
      value: -3.8703
      objectReference: {fileID: 0}
    - target: {fileID: 8268955062722197333, guid: 1de5734a6ccbaec46806ff777fce1778, type: 3}
      propertyPath: m_SizeDelta.y
      value: 0
      objectReference: {fileID: 0}
    - target: {fileID: 8268955062722197333, guid: 1de5734a6ccbaec46806ff777fce1778, type: 3}
      propertyPath: m_AnchoredPosition.x
      value: 1.9357
      objectReference: {fileID: 0}
    - target: {fileID: 8268955062722197333, guid: 1de5734a6ccbaec46806ff777fce1778, type: 3}
      propertyPath: m_AnchoredPosition.y
      value: 0
      objectReference: {fileID: 0}
    - target: {fileID: 8268955063763076447, guid: 1de5734a6ccbaec46806ff777fce1778, type: 3}
      propertyPath: m_AnchorMax.x
      value: 0
      objectReference: {fileID: 0}
    - target: {fileID: 8268955063763076447, guid: 1de5734a6ccbaec46806ff777fce1778, type: 3}
      propertyPath: m_AnchorMax.y
      value: 0
      objectReference: {fileID: 0}
    - target: {fileID: 8268955064291038026, guid: 1de5734a6ccbaec46806ff777fce1778, type: 3}
      propertyPath: m_AnchorMax.x
      value: 0
      objectReference: {fileID: 0}
    - target: {fileID: 8268955064291038026, guid: 1de5734a6ccbaec46806ff777fce1778, type: 3}
      propertyPath: m_AnchorMax.y
      value: 0
      objectReference: {fileID: 0}
    - target: {fileID: 8268955064291038026, guid: 1de5734a6ccbaec46806ff777fce1778, type: 3}
      propertyPath: m_AnchorMin.x
      value: 0
      objectReference: {fileID: 0}
    m_RemovedComponents: []
    m_RemovedGameObjects: []
    m_AddedGameObjects: []
    m_AddedComponents: []
  m_SourcePrefab: {fileID: 100100000, guid: 1de5734a6ccbaec46806ff777fce1778, type: 3}
--- !u!224 &5213775406016300827 stripped
RectTransform:
  m_CorrespondingSourceObject: {fileID: 8268955062703908211, guid: 1de5734a6ccbaec46806ff777fce1778, type: 3}
  m_PrefabInstance: {fileID: 4222748942383145576}
  m_PrefabAsset: {fileID: 0}
--- !u!1001 &4222748942543235380
PrefabInstance:
  m_ObjectHideFlags: 0
  serializedVersion: 2
  m_Modification:
    serializedVersion: 3
    m_TransformParent: {fileID: 4222748942511435176}
    m_Modifications:
    - target: {fileID: 8268955062703908210, guid: 1de5734a6ccbaec46806ff777fce1778, type: 3}
      propertyPath: m_Name
      value: Stamina (3)
      objectReference: {fileID: 0}
    - target: {fileID: 8268955062703908211, guid: 1de5734a6ccbaec46806ff777fce1778, type: 3}
      propertyPath: m_Pivot.x
      value: 0.5
      objectReference: {fileID: 0}
    - target: {fileID: 8268955062703908211, guid: 1de5734a6ccbaec46806ff777fce1778, type: 3}
      propertyPath: m_Pivot.y
      value: 0.5
      objectReference: {fileID: 0}
    - target: {fileID: 8268955062703908211, guid: 1de5734a6ccbaec46806ff777fce1778, type: 3}
      propertyPath: m_RootOrder
      value: 2
      objectReference: {fileID: 0}
    - target: {fileID: 8268955062703908211, guid: 1de5734a6ccbaec46806ff777fce1778, type: 3}
      propertyPath: m_AnchorMax.x
      value: 0
      objectReference: {fileID: 0}
    - target: {fileID: 8268955062703908211, guid: 1de5734a6ccbaec46806ff777fce1778, type: 3}
      propertyPath: m_AnchorMax.y
      value: 0
      objectReference: {fileID: 0}
    - target: {fileID: 8268955062703908211, guid: 1de5734a6ccbaec46806ff777fce1778, type: 3}
      propertyPath: m_AnchorMin.x
      value: 0
      objectReference: {fileID: 0}
    - target: {fileID: 8268955062703908211, guid: 1de5734a6ccbaec46806ff777fce1778, type: 3}
      propertyPath: m_AnchorMin.y
      value: 0
      objectReference: {fileID: 0}
    - target: {fileID: 8268955062703908211, guid: 1de5734a6ccbaec46806ff777fce1778, type: 3}
      propertyPath: m_SizeDelta.x
      value: 37.501
      objectReference: {fileID: 0}
    - target: {fileID: 8268955062703908211, guid: 1de5734a6ccbaec46806ff777fce1778, type: 3}
      propertyPath: m_SizeDelta.y
      value: 30
      objectReference: {fileID: 0}
    - target: {fileID: 8268955062703908211, guid: 1de5734a6ccbaec46806ff777fce1778, type: 3}
      propertyPath: m_LocalScale.x
      value: 1
      objectReference: {fileID: 0}
    - target: {fileID: 8268955062703908211, guid: 1de5734a6ccbaec46806ff777fce1778, type: 3}
      propertyPath: m_LocalScale.y
      value: 1
      objectReference: {fileID: 0}
    - target: {fileID: 8268955062703908211, guid: 1de5734a6ccbaec46806ff777fce1778, type: 3}
      propertyPath: m_LocalPosition.x
      value: 0
      objectReference: {fileID: 0}
    - target: {fileID: 8268955062703908211, guid: 1de5734a6ccbaec46806ff777fce1778, type: 3}
      propertyPath: m_LocalPosition.y
      value: 0
      objectReference: {fileID: 0}
    - target: {fileID: 8268955062703908211, guid: 1de5734a6ccbaec46806ff777fce1778, type: 3}
      propertyPath: m_LocalPosition.z
      value: 0
      objectReference: {fileID: 0}
    - target: {fileID: 8268955062703908211, guid: 1de5734a6ccbaec46806ff777fce1778, type: 3}
      propertyPath: m_LocalRotation.w
      value: 1
      objectReference: {fileID: 0}
    - target: {fileID: 8268955062703908211, guid: 1de5734a6ccbaec46806ff777fce1778, type: 3}
      propertyPath: m_LocalRotation.x
      value: 0
      objectReference: {fileID: 0}
    - target: {fileID: 8268955062703908211, guid: 1de5734a6ccbaec46806ff777fce1778, type: 3}
      propertyPath: m_LocalRotation.y
      value: 0
      objectReference: {fileID: 0}
    - target: {fileID: 8268955062703908211, guid: 1de5734a6ccbaec46806ff777fce1778, type: 3}
      propertyPath: m_LocalRotation.z
      value: 0
      objectReference: {fileID: 0}
    - target: {fileID: 8268955062703908211, guid: 1de5734a6ccbaec46806ff777fce1778, type: 3}
      propertyPath: m_AnchoredPosition.x
      value: 0
      objectReference: {fileID: 0}
    - target: {fileID: 8268955062703908211, guid: 1de5734a6ccbaec46806ff777fce1778, type: 3}
      propertyPath: m_AnchoredPosition.y
      value: 0
      objectReference: {fileID: 0}
    - target: {fileID: 8268955062703908211, guid: 1de5734a6ccbaec46806ff777fce1778, type: 3}
      propertyPath: m_LocalEulerAnglesHint.x
      value: 0
      objectReference: {fileID: 0}
    - target: {fileID: 8268955062703908211, guid: 1de5734a6ccbaec46806ff777fce1778, type: 3}
      propertyPath: m_LocalEulerAnglesHint.y
      value: 0
      objectReference: {fileID: 0}
    - target: {fileID: 8268955062703908211, guid: 1de5734a6ccbaec46806ff777fce1778, type: 3}
      propertyPath: m_LocalEulerAnglesHint.z
      value: 0
      objectReference: {fileID: 0}
    - target: {fileID: 8268955062703908212, guid: 1de5734a6ccbaec46806ff777fce1778, type: 3}
      propertyPath: m_Value
      value: 40
      objectReference: {fileID: 0}
    - target: {fileID: 8268955062703908212, guid: 1de5734a6ccbaec46806ff777fce1778, type: 3}
      propertyPath: m_MaxValue
      value: 40
      objectReference: {fileID: 0}
    - target: {fileID: 8268955063763076447, guid: 1de5734a6ccbaec46806ff777fce1778, type: 3}
      propertyPath: m_AnchorMax.x
      value: 0
      objectReference: {fileID: 0}
    - target: {fileID: 8268955063763076447, guid: 1de5734a6ccbaec46806ff777fce1778, type: 3}
      propertyPath: m_AnchorMax.y
      value: 0
      objectReference: {fileID: 0}
    - target: {fileID: 8268955064291038026, guid: 1de5734a6ccbaec46806ff777fce1778, type: 3}
      propertyPath: m_AnchorMax.x
      value: 0
      objectReference: {fileID: 0}
    - target: {fileID: 8268955064291038026, guid: 1de5734a6ccbaec46806ff777fce1778, type: 3}
      propertyPath: m_AnchorMax.y
      value: 0
      objectReference: {fileID: 0}
    - target: {fileID: 8268955064291038026, guid: 1de5734a6ccbaec46806ff777fce1778, type: 3}
      propertyPath: m_AnchorMin.x
      value: 0
      objectReference: {fileID: 0}
    m_RemovedComponents: []
    m_RemovedGameObjects: []
    m_AddedGameObjects: []
    m_AddedComponents: []
  m_SourcePrefab: {fileID: 100100000, guid: 1de5734a6ccbaec46806ff777fce1778, type: 3}
--- !u!224 &5213775406981729351 stripped
RectTransform:
  m_CorrespondingSourceObject: {fileID: 8268955062703908211, guid: 1de5734a6ccbaec46806ff777fce1778, type: 3}
  m_PrefabInstance: {fileID: 4222748942543235380}
  m_PrefabAsset: {fileID: 0}
--- !u!1001 &4222748943063557193
PrefabInstance:
  m_ObjectHideFlags: 0
  serializedVersion: 2
  m_Modification:
    serializedVersion: 3
    m_TransformParent: {fileID: 4222748942511435176}
    m_Modifications:
    - target: {fileID: 8268955062703908210, guid: 1de5734a6ccbaec46806ff777fce1778, type: 3}
      propertyPath: m_Name
      value: Stamna(2)
      objectReference: {fileID: 0}
    - target: {fileID: 8268955062703908211, guid: 1de5734a6ccbaec46806ff777fce1778, type: 3}
      propertyPath: m_Pivot.x
      value: 0.5
      objectReference: {fileID: 0}
    - target: {fileID: 8268955062703908211, guid: 1de5734a6ccbaec46806ff777fce1778, type: 3}
      propertyPath: m_Pivot.y
      value: 0.5
      objectReference: {fileID: 0}
    - target: {fileID: 8268955062703908211, guid: 1de5734a6ccbaec46806ff777fce1778, type: 3}
      propertyPath: m_RootOrder
      value: 1
      objectReference: {fileID: 0}
    - target: {fileID: 8268955062703908211, guid: 1de5734a6ccbaec46806ff777fce1778, type: 3}
      propertyPath: m_AnchorMax.x
      value: 0
      objectReference: {fileID: 0}
    - target: {fileID: 8268955062703908211, guid: 1de5734a6ccbaec46806ff777fce1778, type: 3}
      propertyPath: m_AnchorMax.y
      value: 0
      objectReference: {fileID: 0}
    - target: {fileID: 8268955062703908211, guid: 1de5734a6ccbaec46806ff777fce1778, type: 3}
      propertyPath: m_AnchorMin.x
      value: 0
      objectReference: {fileID: 0}
    - target: {fileID: 8268955062703908211, guid: 1de5734a6ccbaec46806ff777fce1778, type: 3}
      propertyPath: m_AnchorMin.y
      value: 0
      objectReference: {fileID: 0}
    - target: {fileID: 8268955062703908211, guid: 1de5734a6ccbaec46806ff777fce1778, type: 3}
      propertyPath: m_SizeDelta.x
      value: 109.191
      objectReference: {fileID: 0}
    - target: {fileID: 8268955062703908211, guid: 1de5734a6ccbaec46806ff777fce1778, type: 3}
      propertyPath: m_SizeDelta.y
      value: 30
      objectReference: {fileID: 0}
    - target: {fileID: 8268955062703908211, guid: 1de5734a6ccbaec46806ff777fce1778, type: 3}
      propertyPath: m_LocalScale.x
      value: 1
      objectReference: {fileID: 0}
    - target: {fileID: 8268955062703908211, guid: 1de5734a6ccbaec46806ff777fce1778, type: 3}
      propertyPath: m_LocalScale.y
      value: 1
      objectReference: {fileID: 0}
    - target: {fileID: 8268955062703908211, guid: 1de5734a6ccbaec46806ff777fce1778, type: 3}
      propertyPath: m_LocalPosition.x
      value: 0
      objectReference: {fileID: 0}
    - target: {fileID: 8268955062703908211, guid: 1de5734a6ccbaec46806ff777fce1778, type: 3}
      propertyPath: m_LocalPosition.y
      value: 0
      objectReference: {fileID: 0}
    - target: {fileID: 8268955062703908211, guid: 1de5734a6ccbaec46806ff777fce1778, type: 3}
      propertyPath: m_LocalPosition.z
      value: 0
      objectReference: {fileID: 0}
    - target: {fileID: 8268955062703908211, guid: 1de5734a6ccbaec46806ff777fce1778, type: 3}
      propertyPath: m_LocalRotation.w
      value: 1
      objectReference: {fileID: 0}
    - target: {fileID: 8268955062703908211, guid: 1de5734a6ccbaec46806ff777fce1778, type: 3}
      propertyPath: m_LocalRotation.x
      value: 0
      objectReference: {fileID: 0}
    - target: {fileID: 8268955062703908211, guid: 1de5734a6ccbaec46806ff777fce1778, type: 3}
      propertyPath: m_LocalRotation.y
      value: 0
      objectReference: {fileID: 0}
    - target: {fileID: 8268955062703908211, guid: 1de5734a6ccbaec46806ff777fce1778, type: 3}
      propertyPath: m_LocalRotation.z
      value: 0
      objectReference: {fileID: 0}
    - target: {fileID: 8268955062703908211, guid: 1de5734a6ccbaec46806ff777fce1778, type: 3}
      propertyPath: m_AnchoredPosition.x
      value: 0
      objectReference: {fileID: 0}
    - target: {fileID: 8268955062703908211, guid: 1de5734a6ccbaec46806ff777fce1778, type: 3}
      propertyPath: m_AnchoredPosition.y
      value: 0
      objectReference: {fileID: 0}
    - target: {fileID: 8268955062703908211, guid: 1de5734a6ccbaec46806ff777fce1778, type: 3}
      propertyPath: m_LocalEulerAnglesHint.x
      value: 0
      objectReference: {fileID: 0}
    - target: {fileID: 8268955062703908211, guid: 1de5734a6ccbaec46806ff777fce1778, type: 3}
      propertyPath: m_LocalEulerAnglesHint.y
      value: 0
      objectReference: {fileID: 0}
    - target: {fileID: 8268955062703908211, guid: 1de5734a6ccbaec46806ff777fce1778, type: 3}
      propertyPath: m_LocalEulerAnglesHint.z
      value: 0
      objectReference: {fileID: 0}
    - target: {fileID: 8268955062703908212, guid: 1de5734a6ccbaec46806ff777fce1778, type: 3}
      propertyPath: m_Value
      value: 40
      objectReference: {fileID: 0}
    - target: {fileID: 8268955062703908212, guid: 1de5734a6ccbaec46806ff777fce1778, type: 3}
      propertyPath: m_MaxValue
      value: 40
      objectReference: {fileID: 0}
    - target: {fileID: 8268955063763076447, guid: 1de5734a6ccbaec46806ff777fce1778, type: 3}
      propertyPath: m_AnchorMax.x
      value: 0
      objectReference: {fileID: 0}
    - target: {fileID: 8268955063763076447, guid: 1de5734a6ccbaec46806ff777fce1778, type: 3}
      propertyPath: m_AnchorMax.y
      value: 0
      objectReference: {fileID: 0}
    - target: {fileID: 8268955064291038026, guid: 1de5734a6ccbaec46806ff777fce1778, type: 3}
      propertyPath: m_AnchorMax.x
      value: 0
      objectReference: {fileID: 0}
    - target: {fileID: 8268955064291038026, guid: 1de5734a6ccbaec46806ff777fce1778, type: 3}
      propertyPath: m_AnchorMax.y
      value: 0
      objectReference: {fileID: 0}
    - target: {fileID: 8268955064291038026, guid: 1de5734a6ccbaec46806ff777fce1778, type: 3}
      propertyPath: m_AnchorMin.x
      value: 0
      objectReference: {fileID: 0}
    m_RemovedComponents: []
    m_RemovedGameObjects: []
    m_AddedGameObjects: []
    m_AddedComponents: []
  m_SourcePrefab: {fileID: 100100000, guid: 1de5734a6ccbaec46806ff777fce1778, type: 3}
--- !u!224 &5213775407502311738 stripped
RectTransform:
  m_CorrespondingSourceObject: {fileID: 8268955062703908211, guid: 1de5734a6ccbaec46806ff777fce1778, type: 3}
  m_PrefabInstance: {fileID: 4222748943063557193}
  m_PrefabAsset: {fileID: 0}
